<mx:record xmlns="http://www.w3.org/TR/xhtml1/strict" xmlns:mx="http://www.loc.gov/MARC21/slim" xmlns:xsi="http://www.w3.org/2001/XMLSchema-instance"><mx:leader>00000cz   2200000n  4500</mx:leader><mx:controlfield tag="001">oca00785356 </mx:controlfield><mx:controlfield tag="005">19990312151137.7</mx:controlfield><mx:controlfield tag="008">820915n| adannaab|          |a aaa |||  </mx:controlfield><mx:datafield ind1=" " ind2=" " tag="010"><mx:subfield code="a">n  82088706</mx:subfield></mx:datafield><mx:datafield ind1=" " ind2=" " tag="040"><mx:subfield code="a">DLC</mx:subfield><mx:subfield code="c">DLC</mx:subfield><mx:subfield code="d">DLC</mx:subfield></mx:datafield><mx:datafield ind1="0" ind2=" " tag="100"><mx:subfield code="a">Nemesius,</mx:subfield><mx:subfield code="c">Bp. of Emesa</mx:subfield></mx:datafield><mx:datafield ind1="0" ind2=" " tag="400"><mx:subfield code="a">Nemesio,</mx:subfield><mx:subfield code="c">di Emesa</mx:subfield></mx:datafield><mx:datafield ind1="0" ind2=" " tag="400"><mx:subfield code="a">Nemezīĭ,</mx:subfield><mx:subfield code="c">ep. Emesskīĭ</mx:subfield></mx:datafield><mx:datafield ind1="0" ind2=" " tag="400"><mx:subfield code="a">Nemesios,</mx:subfield><mx:subfield code="c">von Emesa</mx:subfield></mx:datafield><mx:datafield ind1=" " ind2=" " tag="670"><mx:subfield code="a">Vladimīrskīĭ, Ḟ. S. Antropologīi︠a︡ i kosmologīi︠a︡ Nemezīi︠a︡, ep. Emesskago, v ikh otnoshenīi k drevneĭ filosofīi i patristicheskoī literaturi︠e︡, 1912:</mx:subfield><mx:subfield code="b">t.p. (Nemezīi︠a︡, ep. Emesskago)</mx:subfield></mx:datafield><mx:datafield ind1=" " ind2=" " tag="670"><mx:subfield code="a">Iparchus Minutientis alias Hipparchus Metapontinus, 1997:</mx:subfield><mx:subfield code="b">t.p. (Nemesios von Emesa) p. 24 (Nemesios, Bischof von Emesa in Syrien, Ende des 4. Jhs.)</mx:subfield></mx:datafield><mx:datafield ind1=" " ind2=" " tag="999"><mx:subfield code="a">4049.0453</mx:subfield></mx:datafield></mx:record>